@BOOK{test,
	author = "Dr Testy McTest",
	title = "The Art of Testing",
	year = 1957,
	publisher = "The Testington Publishers"
}
